<?xml version="1.0" encoding="UTF-8"?><collection xmlns="http://www.loc.gov/MARC21/slim"><record><leader>00418nam--2200121-i-4500</leader><controlfield tag="001">000005555</controlfield><controlfield tag="002">20161230</controlfield><controlfield tag="005">20161230201026</controlfield><controlfield tag="008">060222s1000------------r-----000-0-eng-d</controlfield><datafield ind1=" " ind2=" " tag="245"><subfield code="a">Boron. synthesis, structure and properties. pr oceedings of the conference on boron. edited b y j.a.koh, w.e.nye, g.k.gaule</subfield></datafield><datafield ind1=" " ind2=" " tag="260"><subfield code="a">New York, Plenum Press, Inc., 1960</subfield></datafield><datafield ind1=" " ind2=" " tag="490"><subfield code="a">Proceedings</subfield></datafield><datafield ind1=" " ind2=" " tag="700"><subfield code="a">Kohn, J.A., Nye, W.E., Gaule, G.K</subfield></datafield></record></collection>